@misc{sattolo,
	author = "Wikipedia",
	title = "{Fisherâ€“Yates shuffle} --- {W}ikipedia{,} The Free Encyclopedia",
	howpublished = {\url{http://en.wikipedia.org/w/index.php?title=Fisher\%E2\%80\%93Yates\%20shuffle&oldid=882337194}},
	note = "Acedido em 05-May-2019"
}

@Book{handbook,
	author = {Menezes, A. J. and  Paul C. van Oorschot and Scott A. Vanstone},
	title = {Handbook of applied cryptography},
	publisher = {CRC Press},
	year = {1997},
	isbn = {978-0849385230},
	note = {Acedido a partir de \url{http://cacr.uwaterloo.ca/hac/about/chap8.pdf}},
}

@misc{stackex,
	title = "Finding a coprime of a general magnitude",
	howpublished = {\url{https://math.stackexchange.com/questions/2430742/finding-a-coprime-of-a-general-magnitude}},
}

